@article{Russell1908MathematicalLA,
  title={Mathematical Logic as Based on the Theory of Types},
  author={Bertrand Russell},
  journal={American Journal of Mathematics},
  year={1908},
  volume={30},
  pages={222},
  url={https://api.semanticscholar.org/CorpusID:124154386}
}

@article{Church1940AFO,
  title={A formulation of the simple theory of types},
  author={Alonzo Church},
  journal={Journal of Symbolic Logic},
  year={1940},
  volume={5},
  pages={56 - 68},
  url={https://api.semanticscholar.org/CorpusID:15889861}
}

@inproceedings{Church1941TheCO,
  title={The calculi of lambda-conversion},
  author={Alonzo Church},
  year={1941},
  url={https://api.semanticscholar.org/CorpusID:118808499}
}

@article{Post1943FormalRO,
  title={Formal Reductions of the General Combinatorial Decision Problem},
  author={Emil L. Post},
  journal={American Journal of Mathematics},
  year={1943},
  volume={65},
  pages={197},
  url={https://api.semanticscholar.org/CorpusID:123752876}
}

@article{Chomsky1956ThreeMF,
  title={Three models for the description of language},
  author={Noam Chomsky},
  journal={IRE Trans. Inf. Theory},
  year={1956},
  volume={2},
  pages={113-124},
  url={https://api.semanticscholar.org/CorpusID:17432009}
}

@inproceedings{Howard1969TheFN,
  title={The formulae-as-types notion of construction},
  author={William A. Howard},
  year={1969},
  url={https://api.semanticscholar.org/CorpusID:118720122}
}

@article{Reynolds1972DefinitionalIF,
  title={Definitional Interpreters for Higher-Order Programming Languages},
  author={John C. Reynolds},
  journal={Higher-Order and Symbolic Computation},
  year={1972},
  volume={11},
  pages={363-397}
}

@article{MartinLf1975AnIT,
  title={An Intuitionistic Theory of Types: Predicative Part},
  author={Per Martin-L{\"o}f},
  journal={Studies in logic and the foundations of mathematics},
  year={1975},
  volume={80},
  pages={73-118},
  url={https://api.semanticscholar.org/CorpusID:122807185}
}

@inproceedings{MartinLf1984IntuitionisticTT,
  title={Intuitionistic type theory},
  author={Per Martin-L{\"o}f},
  booktitle={Studies in proof theory},
  year={1984},
  url={https://api.semanticscholar.org/CorpusID:117859406}
}

@inproceedings{Knuth1997TheAO,
  title={The Art of Computer Programming, Volume I: Fundamental Algorithms, 2nd Edition},
  author={Donald Ervin Knuth},
  year={1997}
}

@inproceedings{Markstein2004SoftwareDA,
  title={Software Division and Square Root Using Goldschmidt's Algorithms},
  author={Peter W. Markstein},
  year={2004}
}

@article{Quinnell2007FloatingPointFM,
  title={Floating-Point Fused Multiply-Add Architectures},
  author={Eric Quinnell and Earl E. Swartzlander and Carl Lemonds},
  journal={2007 Conference Record of the Forty-First Asilomar Conference on Signals, Systems and Computers},
  year={2007},
  pages={331-337}
}

@article{Costa2001ADO,
  title={A description of several coordinate systems for hyperbolic spaces},
  author={S. S. e Costa},
  journal={arXiv: Mathematical Physics},
  year={2001}
}

@article{Oosten2014TheUF,
  title={The Univalent Foundations Program. Homotopy Type Theory: Univalent Foundations of Mathematics. http: //homotopytypetheory.org/book, Institute for Advanced Study, 2013, vii + 583 pp},
  author={Jaap van Oosten},
  journal={Bull. Symb. Log.},
  year={2014},
  volume={20},
  pages={497-500},
  url={https://api.semanticscholar.org/CorpusID:203579845}
}

@article{Pambuccian2016THEAO,
  title={THE ARITHMETIC OF THE EVEN AND THE ODD},
  author={Victor Pambuccian},
  journal={The Review of Symbolic Logic},
  year={2016},
  volume={9},
  pages={359 - 369}
}

@article{Schacht2018ANOTHERAO,
  title={ANOTHER ARITHMETIC OF THE EVEN AND THE ODD},
  author={Celia Schacht},
  journal={The Review of Symbolic Logic},
  year={2018},
  volume={11},
  pages={604 - 608}
}

@inproceedings{Needham2021VisualDG,
  title={Visual Differential Geometry and Forms},
  author={Tristan Needham},
  year={2021},
  url={https://api.semanticscholar.org/CorpusID:240837028}
}
